@article{salson2009four,
  title={A four-stage algorithm for updating a Burrows--Wheeler transform},
  author={Salson, Mikael and Lecroq, Thierry and L{\'e}onard, Martine and Mouchard, Laurent},
  journal={Theoretical Computer Science},
  volume={410},
  number={43},
  pages={4350--4359},
  year={2009},
  publisher={Elsevier}
}

@article{gerlach2007dynamic,
  title={Dynamic FM-Index for a collection of texts with application to space-efficient construction of the compressed suffix array},
  author={Gerlach, Wolfgang},
  journal={Master's thesis, Universit{\"a}t Bielefeld, Germany},
  year={2007},
  publisher={Citeseer}
}

@incollection{gonzalez2008improved,
  title={Improved dynamic rank-select entropy-bound structures},
  author={Gonz{\'a}lez, Rodrigo and Navarro, Gonzalo},
  booktitle={LATIN 2008: Theoretical Informatics},
  pages={374--386},
  year={2008},
  publisher={Springer}
}

@article{burrows1994block,
  title={A block-sorting lossless data compression algorithm},
  author={Burrows, Michael and Wheeler, David J},
  year={1994},
  publisher={Citeseer}
}

@misc{bzip2,
  author={Julian Seward},
  title={Bzip2},
  howpublished={\url{http://www.bzip.org/}},
  year={1996--2010}
}